@ONLINE{wiki,
    author = {Wikipedia, The Free Encyclopedia},
    title = {Infrasound},
    date = {2018},
    citedate = {2018-12-02},
    url = {https://en.wikipedia.org/wiki/Infrasound}
}

@ONLINE{theFearFrequency,
    author = {Rob Schwarz},
    title = {Infrasound: The Fear Frequency},
    year = {2013},
    citedate = {2018-12-02},
    url = {https://www.strangerdimensions.com/2013/06/21/infrasound-the-fear-frequency/}
}

@ONLINE{britannica,
    author = {Richard E. Berg},
    title = {Infrasonics},
    citedate={2018-12-02},
    year = {2018},
    url = {https://www.britannica.com/science/infrasonics}
}

@ONLINE{wiki2,
    author = {Wikipedia, The Free Encyclopedia},
    title = {Shadow zone},
    date = {2018},
    citedate = {2018-12-02},
    url = {https://en.wikipedia.org/wiki/Shadow_zone}
}

@ONLINE{wiki3,
    author = {Wikipedia, The Free Encyclopedia},
    title = {Seismology},
    date = {2018},
    citedate = {2018-12-02},
    url = {https://en.wikipedia.org/wiki/Seismology}
}

@ONLINE{quera,
    author = {David Salzberg},
    title = {Why do we not use the infrasonic sound in sonar?},
    date = {2018},
    citedate = {2018-12-02},
    url = {https://www.quora.com/Why-do-we-not-use-the-infrasonic-sound-in-sonar}
}


@ONLINE{stratosfera,
    author = {Delft University of Technology},
    title = {Inaudible infrasound also useful for weather and climate forecasts},
    date = {2018},
    citedate = {2018-12-02},
    url = {https://phys.org/news/2018-03-inaudible-infrasound-weather-climate.html}
}

@ONLINE{tornado,
    author = {Mihai Anrei},
    title = {Scientists analyze tornadoes in infrasound},
    date = {2018},
    citedate = {2018-12-02},
    url = {https://www.zmescience.com/science/news-science/tornado-infrasound-06052018/}
}

@ONLINE{tornado2,
    author = {AcousticalSocietyofAmerica},
    title = {Decoding tornadoes' infrasound waves},
    date = {2018},
    citedate = {2018-12-02},
    url = {https://phys.org/news/2018-05-decoding-tornadoes-infrasound.html}
}

@ONLINE{volcano,
    author = {Julie Cohen},
    title = {Detecting volcanic eruptions},
    date = {2018},
    citedate = {2018-12-03},
    url = {https://phys.org/news/2018-03-volcanic-eruptions.html#nRlv}
}

@ONLINE{volcano2,
    author = {David Fee and others},
    title = {Infrasound Monitoring of Volcanic Eruptions in Alaska},
    date = {2018},
    citedate = {2018-12-03},
    url = {https://avo.alaska.edu/about/infrasound.php}
}

@ONLINE{wiki4,
    author = {Wikipedia, The Free Encyclopedia},
    title = {Sound pressure},
    date = {2018},
    citedate = {2018-12-03},
    url = {https://en.wikipedia.org/wiki/Sound_pressure}
}

@ONLINE{microphones,
    author = {Gras},
    title = {Infra-sound Microphones},
    date = {2018},
    citedate = {2018-12-03},
    url = {https://www.gras.dk/products/special-microphone/infra-sound-microphones}
}


@ONLINE{microphones2,
    author = {Raspberry Shake},
    title = {Raspberry Boom (RBOOM/ RSBOOM) Infrasound Monitors},
    date = {2018},
    citedate = {2018-12-03},
    url = {https://manual.raspberryshake.org/boom.html}
}

@ONLINE{gronsko,
    author = {Dylan},
    title = {Infrasound Station IS18},
    date = {2018},
    citedate = {2018-12-03},
    url = {https://www.atlasobscura.com/places/infrasound-station-is18}
}


@article{MURAYAMA201535,
title = "Infrasound array observations in the Lützow-Holm Bay region, East Antarctica",
journal = "Polar Science",
volume = "9",
number = "1",
pages = "35 - 50",
year = "2015",
note = "Recent Advance in Polar Seismology: Global Impact of the International Polar Year",
issn = "1873-9652",
doi = "https://doi.org/10.1016/j.polar.2014.07.005",
url = "http://www.sciencedirect.com/science/article/pii/S1873965214000528",
author = "Takahiko Murayama and Masaki Kanao and Masa-Yuki Yamamoto and Yoshiaki Ishihara and Takeshi Matsushima and Yoshihiro Kakinami",
keywords = "Infrasound, Array observations, Lützow-Holm Bay, East Antarctica, Microbaroms, Surface environment"
}

@ONLINE{wiki5,
    author = {Wikipedia, The Free Encyclopedia},
    title = {Ballistocardiography},
    date = {2018},
    citedate = {2018-12-04},
    url = {https://en.wikipedia.org/wiki/Ballistocardiography}
}
